@Online{eddins:wiener,
  author = 	 {Eddins, Steve},
  editor = 	 {{MathWorks Blogs}},
  title = 	 {Image deblurring â€“ Wiener filter},
  year = 	 {2007},
  date = 	 {2007-11-02},
  url = 	 {http://blogs.mathworks.com/steve/2007/11/02/image-deblurring-wiener-filter/},
}

